@article{halliday2016eutherian,
  title={Eutherian morphological disparity across the end-Cretaceous mass extinction},
  author={Halliday, Thomas John Dixon and Goswami, Anjali},
  journal={Biological Journal of the Linnean Society},
  volume={118},
  number={1},
  pages={152--168},
  year={2016},
  publisher={Oxford University Press}
}

@article{halliday2016impact,
  title={The impact of phylogenetic dating method on interpreting trait evolution: a case study of Cretaceous--Palaeogene eutherian body-size evolution},
  author={Halliday, TJD and Goswami, A},
  journal={Biology letters},
  volume={12},
  number={8},
  pages={20160051},
  year={2016},
  publisher={The Royal Society}
}

@article{halliday2017resolving,
  title={Resolving the relationships of Paleocene placental mammals},
  author={Halliday, Thomas JD and Upchurch, Paul and Goswami, Anjali},
  journal={Biological Reviews},
  volume={92},
  number={1},
  pages={521--550},
  year={2017},
  publisher={Wiley Online Library}
}

@inproceedings{halliday2016eutherians,
  title={Eutherians experienced elevated evolutionary rates in the immediate aftermath of the Cretaceous--Palaeogene mass extinction},
  author={Halliday, Thomas John Dixon and Upchurch, Paul and Goswami, Anjali},
  booktitle={Proc. R. Soc. B},
  volume={283},
  number={1833},
  pages={20153026},
  year={2016},
  organization={The Royal Society}
}

@article{beck2014ancient,
  title={Ancient dates or accelerated rates? Morphological clocks and the antiquity of placental mammals},
  author={Beck, Robin MD and Lee, Michael SY},
  journal={Proceedings of the Royal Society of London B: Biological Sciences},
  volume={281},
  number={1793},
  pages={20141278},
  year={2014},
  publisher={The Royal Society}
}

@article{arcila2015evaluation,
  title={An evaluation of fossil tip-dating versus node-age calibrations in tetraodontiform fishes (Teleostei: Percomorphaceae)},
  author={Arcila, Dahiana and Pyron, R Alexander and Tyler, James C and Ort{\'\i}, Guillermo and Betancur-R, Ricardo},
  journal={Molecular Phylogenetics and Evolution},
  volume={82},
  pages={131--145},
  year={2015},
  publisher={Elsevier}
}

@article{near2004assessing,
  title={Assessing the quality of molecular divergence time estimates by fossil calibrations and fossil--based model selection},
  author={Near, Thomas J and Sanderson, Michael J},
  journal={Philosophical Transactions of the Royal Society of London B: Biological Sciences},
  volume={359},
  number={1450},
  pages={1477--1483},
  year={2004},
  publisher={The Royal Society}
}

@article{lee2015morphological,
  title={Morphological phylogenetics in the genomic age},
  author={Lee, Michael SY and Palci, Alessandro},
  journal={Current Biology},
  volume={25},
  number={19},
  pages={R922--R929},
  year={2015},
  publisher={Elsevier}
}

@article{puttick2016dating,
  title={Dating placentalia: Morphological clocks fail to close the molecular fossil gap},
  author={Puttick, Mark N and Thomas, Gavin H and Benton, Michael J},
  journal={Evolution},
  volume={70},
  number={4},
  pages={873--886},
  year={2016},
  publisher={Wiley Online Library}
}

@article{pyron2016novel,
  title={Novel approaches for phylogenetic inference from morphological data and total-evidence dating in squamate reptiles (Lizards, Snakes, and Amphisbaenians)},
  author={Pyron, R Alexander},
  journal={Systematic biology},
  volume={66},
  number={1},
  pages={38--56},
  year={2016},
  publisher={Oxford University Press}
}

@article{turner2017empirical,
  title={Empirical and Bayesian approaches to fossil-only divergence times: A study across three reptile clades},
  author={Turner, Alan H and Pritchard, Adam C and Matzke, Nicholas J},
  journal={PloS one},
  volume={12},
  number={2},
  pages={e0169885},
  year={2017},
  publisher={Public Library of Science}
}

@article{heath2014fossilized,
  title={The fossilized birth--death process for coherent calibration of divergence-time estimates},
  author={Heath, Tracy A and Huelsenbeck, John P and Stadler, Tanja},
  journal={Proceedings of the National Academy of Sciences},
  volume={111},
  number={29},
  pages={E2957--E2966},
  year={2014},
  publisher={National Acad Sciences}
}

@article{nabhan2011impact,
  title={The impact of taxon sampling on phylogenetic inference: a review of two decades of controversy},
  author={Nabhan, Ahmed Ragab and Sarkar, Indra Neil},
  journal={Briefings in Bioinformatics},
  volume={13},
  number={1},
  pages={122--134},
  year={2011},
  publisher={Oxford University Press}
}

@article{wiens2004role,
  title={The role of morphological data in phylogeny reconstruction},
  author={Wiens, John J},
  journal={Systematic Biology},
  volume={53},
  number={4},
  pages={653--661},
  year={2004},
  publisher={Society of Systematic Zoology}
}